@article{shiau2008clonezilla,
  title={The clonezilla project},
  author={Shiau, S},
  journal={http://clonezilla.nchc.org.tw and http://clonezilla.sourceforge.net},
  year={2008}
}
@article{chandrasekar2014comparative,
  title={A comparative study of baremetal provisioning frameworks},
  author={Chandrasekar, Ashok and Gibson, Garth},
  journal={Parallel Data Laboratory, Carnegie Mellon University, Tech. Rep. CMU-PDL-14-109},
  year={2014}
}
@article{kadeploy3,
    title = {{Kadeploy3: Efficient and Scalable Operating System Provisioning}},
    author = {Jeanvoine, Emmanuel and Sarzyniec, Luc and Nussbaum, Lucas},
    journal = "USENIX ;login:",
    volume = 38,
    number = 1,
    year = {2013},
    pages = {38-44},
    month = Feb
}
@article{ansible,
    title= {Ansible},
    author= {Red Hat},
    journal= {http://www.ansible.com/},
    year={2017}
}
